
@Article{cloverquiz,
  title={Clover Quiz: a trivia game powered by DBpedia},
  author={Vega-Gorgojo, Guillermo},
  journal={Semantic Web},
  number={Preprint},
  pages={1--15},
  year={2018},
  publisher={IOS Press}
}

@article{cytoscape,
  title={Cytoscape.js: {A} graph theory library for visualisation and analysis},
  author={Franz, Max and Lopes, Christian T and Huck, Gerardo and Dong, Yue and Sumer, Onur and Bader, Gary D},
  journal={Bioinformatics},
  volume={32},
  number={2},
  pages={309--311},
  year={2015},
  publisher={Oxford University Press}
}

@InProceedings{limes,
  Title                    = {{LIMES}---{A} Time-Efficient Approach for Large-Scale Link Discovery on the Web of Data},
  Author                   = {Axel-Cyrille {Ngonga Ngomo} and S{\"o}ren Auer},
  booktitle={IJCAI--11, Proceedings of the 24th International Joint Conference on Artificial Intelligence},
  publisher= {AAAI Press},
  address={Palo Alto, California, USA},
  Year                     = {2011},
  Keywords                 = {group_aksw SIMBA sys:relevantFor:infai sys:relevantFor:bis ngonga limes scms},
  Owner                    = {ngonga},
  Timestamp                = {2009.12.17}
}
