@book{bb,                                                                                                                                                                                                         
  title={Health Information Systems: {A}rchitectures and Strategies},
  author={Winter, A. and Haux, R. and Ammenwerth, E. and Brigl, B. and Hellrung, N. and Jahn, F.},
  isbn={9781849964418},
  lccn={2010933608},
  series={Health Informatics},
  url={https://books.google.de/books?id=RzvmrgwCWncC},
  year={2011},
  publisher={Springer London}
}

@book{ob,
  author={Ammenwerth, Elske and Bess, Andreas},
  title={{IT}-{P}rojektmanagement im {G}esundheitswesen},
  edition={2},
  publisher={Schattauer},
  address={Stuttgart, Germany},
  year={2015},
  isbn={978-3-7945-3071-7 and 3-7945-3071-3},
}

@article{domaene,
  title={Entwicklung und {E}insatz einer {D}om{\"a}nenontologie des {I}nformationsmanagements im {K}rankenhaus []},
  author={Schaaf, Michael and Jahn, Franziska and Tahar, Kais and Kucherer, Christian and Winter, Alfred and Paech, Barbara},
  journal={INFORMATIK 2015},
  year={2015},
  publisher={Gesellschaft f{\"u}r Informatik eV}
}

@book{he,
  title={Informationsmanagement: Grundlagen, Aufgaben, Methoden},
  author={Heinrich, Lutz J and Riedl, Ren{\'e} and Stelzer, Dirk},
  year={2014},
  publisher={De Gruyter}
}

@article{ciosurvey,
  title={The status quo of information management in hospitals-results of an online survey},
  author={K{\"u}cherer, Christian and Liebe, Jan David and Schaaf, Michael and Thye, Johannes and Paech, Barbara and Winter, Alfred and Jahn, Franziska},
  journal={Informatik 2016},
  year={2016},
  publisher={Gesellschaft f{\"u}r Informatik eV}
}

@inproceedings{domainontologies,
  title={Use of Domain Ontologies to Improve Requirements Quality},
  author={K{\"u}cherer, Christian},
  booktitle={REFSQ Workshops},
  year={2017}
}

@Article{sniktec,
   Author="H{\"o}ffner, K.  and Jahn, F.  and K{\"u}cherer, C.  and Paech, B.  and Schneider, B.  and Sch{\"o}bel, M.  and St{\"a}ubert, S.  and Winter, A. ",
   Title="{{T}echnical {E}nvironment for {D}eveloping the {S}{N}{I}{K} {O}ntology of {I}nformation {M}anagement in {H}ospitals}",
   Journal="Studies in Health Technology and Informatics",
   Year="2017",
   Volume="243",
   Pages="122--126"
}

@Article{einsemantischesnetz,
  title={Ein semantisches {N}etz des {I}nformationsmanagements im {K}rankenhaus},
  author={Jahn, Franziska and Schaaf, Michael and Paech, Barbara and Winter, Alfred},
  journal={Informatik 2014},
  year={2014},
  publisher={Gesellschaft f{\"u}r Informatik eV}
}

@Article{approachtosupport,
  title={An Approach to Support Collaborative Ontology Construction},
  author={Tahar, Kais and Schaaf, Michael and Jahn, Franziska and K{\"u}cherer, Christian and Paech, Barbara and Herre, Heinrich and Winter, Alfred},
  journal={Studies in health technology and informatics},
  volume={228},
  pages={369--373},
  year={2016}
}

@inproceedings{visualizationoflargeontologies,
  title={Visualization of Large Ontologies in University Education from a Tool Point of View},
  author={Schaaf, Michael and Jahn, Franziska and Tahar, Kais and K{\"u}cherer, Christian and Winter, Alfred and Paech, Barbara},
  booktitle={MIE},
  pages={349--353},
  year={2016}
}

@inproceedings{taskoriented,
  title={A Task-oriented Requirements Engineering Method for Personal Decision Support Systems-A Case Study},
  author={K{\"u}cherer, Christian and Paech, Barbara},
  booktitle={ICEIS (2)},
  pages={99--110},
  year={2017}
}

@article{schattenseiten,
  title={Zwischen Schattendasein, Governance und Entrepreneurship-Eine empirische Bestandsaufnahme zum Professionalisierungsgrad des IT-Managements in deutschen Krankenh{\"a}usern},
  author={Liebe, Jan-David and Thomas, Oliver and Jahn, Franziska and K{\"u}cherer, Christian and Esdar, Moritz and Wei{\ss}, Jan-Patrick and H{\"u}sers, Jens and H{\"u}bner, Ursula},
  year={2017}
}

@inproceedings{ontologybased,
  title={An Ontology-Based Scenario for Teaching the Management of Health Information Systems},
  author={Jahn, Franziska and Schaaf, Michael and Kahmann, Christian and Tahar, Kais and K{\"u}cherer, Christian and Paech, Barbara and Winter, Alfred},
  booktitle={MIE},
  pages={359--363},
  year={2016}
}

@article{semantischesnetz,
  title={Ein semantisches Netz des Informationsmanagements im Krankenhaus},
  author={Jahn, Franziska and Schaaf, Michael and Paech, Barbara and Winter, Alfred},
  journal={Informatik 2014},
  year={2014},
  publisher={Gesellschaft f{\"u}r Informatik eV}
}

@article{systemanalysis,
  title={System analysis of information management},
  author={Kucherer, Christian and Jung, Manuel and Jahn, Franziska and Schaaf, Michael and Tahar, Kais and Paech, Barbara and Winter, Alfred},
  journal={INFORMATIK 2015},
  year={2015},
  publisher={Gesellschaft f{\"u}r Informatik eV}
}

@phdthesis{toreonto,
  title={Domain-specific Adaptation of Requirements Engineering Methods},
  author={K{\"u}cherer, Christian},
  year={2018}
}

@INPROCEEDINGS{snikgraph,
author={Jahn F and Höffner K and Schneider B and Lörke A and Pause T and Ammenwerth E and  Winter A},
booktitle={MedInfo 2019, The 17th World Congress of Medical and Health Informatics, Lyon},
title={The SNIK Graph: Visualization of a Medical Informatics Ontology},
year={2019},
}


